Untuk setiap referensi, baris pertama (newton1687) merupakan label dan baris-baris berikutnya
merupakan atribut dari referensi yang akan digunakan. Umumnya, format referensi berikut sudah
disediakan oleh penyedia sumber referensi secara online dan bisa langsung ditaruh di sini.

Lihat https://www.bibtex.com/g/bibtex-format/ untuk informasi lebih lanjut mengenai format
BibTex yang digunakan pada file ini.

@article{newton1687,
  author  = {Isaac Newton},
  journal = {Philosophiæ Naturalis Principia Mathematica},
  title   = {Axioms or Laws of Motion},
  year    = {1687}
}

@misc{cetakbiruspacex,
  title   = {Cetak Biru Space X},
  url     = {https://id.pinterest.com/pin/344032859037191430/},
  urldate = {2021-05-18},
  year    = {2021}
}

@inproceedings{ref_kamera_omni,
  author    = {Chen, Chia-Hsien Louis and Lee, Min-Fan Ricky},
  booktitle = {2011 International Conference on Consumer Electronics, Communications and Networks (CECNet)},
  title     = {Global path planning in mobile robot using omnidirectional camera},
  year      = {2011},
  volume    = {},
  number    = {},
  pages     = {4986-4989},
  doi       = {10.1109/CECNET.2011.5768666}
}

@article{ref_neural_network,
  author  = {Tang, Huajin and Li, Haizhou and Yi, Zhang},
  journal = {IEEE Transactions on Neural Networks},
  title   = {A Discrete-Time Neural Network for Optimization Problems With Hybrid Constraints},
  year    = {2010},
  volume  = {21},
  number  = {7},
  pages   = {1184-1189},
  doi     = {10.1109/TNN.2010.2049368}
}

@inproceedings{ref_activation_function,
  author    = {Kaloev, Martin and Krastev, Georgi},
  booktitle = {2021 3rd International Congress on Human-Computer Interaction, Optimization and Robotic Applications (HORA)},
  title     = {Comparative Analysis of Activation Functions Used in the Hidden Layers of Deep Neural Networks},
  year      = {2021},
  volume    = {},
  number    = {},
  pages     = {1-5},
  doi       = {10.1109/HORA52670.2021.9461312}
}

@inproceedings{ref_loss_function,
  author    = {Dohi, Naoki and Rathnayake, Namal and Hoshino, Yukinobu},
  booktitle = {2022 Joint 12th International Conference on Soft Computing and Intelligent Systems and 23rd International Symposium on Advanced Intelligent Systems (SCIS\&ISIS)},
  title     = {A comparative study for COVID-19 cases forecasting with loss function as AIC and MSE in RNN family and ARIMA},
  year      = {2022},
  volume    = {},
  number    = {},
  pages     = {1-5},
  doi       = {10.1109/SCISISIS55246.2022.10001870}
}

@inproceedings{ref_mobile_robot,
  author    = {Lee, G Dong Seok and Lee, Kil Soo and Park, Hyung Gyu and Lee, Man Hyung},
  booktitle = {ICCAS 2010},
  title     = {Optimal path planning with holonomic mobile robot using localization vision sensors},
  year      = {2010},
  volume    = {},
  number    = {},
  pages     = {1883-1886},
  doi       = {10.1109/ICCAS.2010.5670180}
}

@inproceedings{ref_opencv,
  author    = {Yildirim, Merve and Karaduman, Ozgur and Kurum, Hasan},
  booktitle = {2022 IEEE 1st Industrial Electronics Society Annual On-Line Conference (ONCON)},
  title     = {Real-Time Image and Video Processing Applications Using Raspberry Pi},
  year      = {2022},
  volume    = {},
  number    = {},
  pages     = {1-6},
  doi       = {10.1109/ONCON56984.2022.10127034}
}

@inproceedings{ref_ros,
  author    = {Quang, Hiep Do and Manh, Tien Ngo and Manh, Cuong Nguyen and Tien, Dung Pham and Van, Manh Tran and Kim, Duyen Ha Thi and Thanh, Van Nguyen Thi and Duan, Dam Hong},
  booktitle = {2019 International Conference on Mechatronics, Robotics and Systems Engineering (MoRSE)},
  title     = {Mapping and Navigation with Four-Wheeled Omnidirectional Mobile Robot based on Robot Operating System},
  year      = {2019},
  volume    = {},
  number    = {},
  pages     = {54-59},
  doi       = {10.1109/MoRSE48060.2019.8998714}
}

@inproceedings{ref_websocket,
  author    = {Guan, Shiqi and Hu, Wenshan and Zhou, Hong},
  booktitle = {2019 Chinese Control Conference (CCC)},
  title     = {Real-Time Data Transmission Method Based on Websocket Protocol for Networked Control System Laboratory},
  year      = {2019},
  volume    = {},
  number    = {},
  pages     = {5339-5344},
  doi       = {10.23919/ChiCC.2019.8865690}
}

@inproceedings{ref_regresi,
  author    = {Grondin, François and Tang, Hao and Glass, James},
  booktitle = {ICASSP 2020 - 2020 IEEE International Conference on Acoustics, Speech and Signal Processing (ICASSP)},
  title     = {Audio-Visual Calibration with Polynomial Regression for 2-D Projection Using SVD-PHAT},
  year      = {2020},
  volume    = {},
  number    = {},
  pages     = {4856-4860},
  doi       = {10.1109/ICASSP40776.2020.9054690}
}

